    @BOOK{AndroidBook,
      author =       "Grant Alleb",
      title =        "Android 4: Průvodce programováním mobilních aplikací",
      publisher =    "Computer Press",
      year =         "2013",
      note =         "ISBN~978-80-251-3782-6",
    }
    
%TODO pecinovsky java, oracle stranky
